@misc{
	INTEL:SYSV3,
	title = {{Intel\textsuperscript{\textregistered} 64 and IA-32 Architectures Software Developer's Manual, Volume3: System Programming Guide}},
        organization = {Intel Corporation},
        note = {\url{http://www.intel.com/content/www/us/en/processors/architectures-software-developer-manuals.html}}
}
@misc{
  SERIAL,
  title = {Interfacing The Serial / RS-232 Port},
  howpublished = {\url{http://retired.beyondlogic.org/serial/serial.htm}},
  note = {Accessed: 2016-02-08} 
}
@misc{
  NS:8250DS,
  title = {PC16450C/NS16450, PC8250A/INS8250A Universal Asynchronous Receiver/Transmitter},
  organization = {National Semiconductor},
  year = {1990},
  note = {\url{http://pdf.datasheetcatalog.com/datasheets/700/255656_DS.pdf}}
}
@misc{
  INTEL:8254DS,
  title = {8254. Programmable Interval Timer},
  organization = {Intel Corporation},
  year = {1993},
  note = {\url{http://www.scs.stanford.edu/10wi-cs140/pintos/specs/8254.pdf}}
}
@misc{
  INTEL:8259ADS,
  title = {8259A. Programmable Interrupt Controller (8259A/8259A-2)},
  organization = {Intel Corporation},
  year = {1988},
  note = {\url{https://pdos.csail.mit.edu/6.828/2010/readings/hardware/8259A.pdf}}
}
@misc{
  WIKI:APIC,
  title = {Advanced Programmable Interrupt Controller},
  howpublished = {\url{https://en.wikipedia.org/wiki/Advanced_Programmable_Interrupt_Controller}},
  note = {Accessed: 2016-02-08} 
}
@misc{
  INTEL:8253,
  title = {Intel 8253},
  howpublished = {\url{https://en.wikipedia.org/wiki/Intel_8253}},
  note = {Accessed: 2016-02-08}
}
@misc{
  INTEL:8259,
  title = {Intel 8259},
  howpublished = {\url{https://en.wikipedia.org/wiki/Intel_8259}},
  note = {Accessed: 2016-02-08}
}
@misc{
  CPP:PRINTF,
  title = {printf - C++ Reference},
  howpublished = {\url{http://www.cplusplus.com/reference/cstdio/printf/}},
  note = {Accessed: 2016-02-08}
}
