@misc{
	INTEL:SYSV3,
	title = {{Intel\textsuperscript{\textregistered} 64 and IA-32 Architectures Software Developer's Manual, Volume3: System Programming Guide}},
        organization = {Intel Corporation},
        note = {\url{http://www.intel.com/content/www/us/en/processors/architectures-software-developer-manuals.html}}
}
@misc{
	Bonwick:SLAB,
	author = {Bonwick, Jeff},
	title = {The Slab Allocator: An Object-caching Kernel Memory Allocator},
	booktitle = {Proceedings of the USENIX Summer 1994 Technical Conference on USENIX Summer 1994 Technical Conference - Volume 1},
	series = {USTC'94},
	year = {1994},
	location = {Boston, Massachusetts},
	note = {\url{https://www.usenix.org/legacy/publications/library/proceedings/bos94/full_papers/bonwick.a}}
}
@misc{
	AMD64:ABI,
	author = {Michael Matz and Jan Hubicka and Andreas Jaeger and Mark Mitchell},
	title = {System V Application Binary Interface. AMD64 Architecture Processor Supplement. Draft Version 0.99.6},
	year = {2013},
	note = {\url{http://www.x86-64.org/documentation/abi.pdf}}
}
@misc{
	multiboot,
	title = {Multiboot Specification version 0.6.96},
	note = {\url{https://www.gnu.org/software/grub/manual/multiboot/multiboot.html}}
}
